

%%This file is used for your bibliography. 
%%You have to create entries for articles, books, inproceedings etc. 
%%which you want to cite with an At sign as follows.
%%You can create them manually (recommended) or use online sites to generate them (Important: Don't forget to check the entries!).
%%Replace the following examples with your references.

@misc{aceproject,
  author       = {{ACE Electoral Knowledge Network}},
  title        = {Voting Technologies},
  howpublished = {\url{https://www.aceproject.org}},
  note         = {Accessed: May 16, 2025}
}

@misc{aceeeo,
  author       = {{Association of European Election Officials (ACEEEO)}},
  title        = {Electronic Voting in Brazil},
  howpublished = {\url{https://www.aceeeo.org}},
  note         = {Accessed: May 16, 2025}
}

@misc{brookings,
  author = {{Brookings Institution}},
  title = {Voting technology and election security},
  year = {2020},
  note = {Accessed: 2025-05-16},
  url = {https://www.brookings.edu/research/voting-technology-and-election-security/}
}

@article{felten2006,
  author = {Ari Juels and Dario Walluck and Edward W. Felten},
  title = {Security Analysis of the Diebold AccuVote-TS Voting Machine},
  journal = {Proceedings of the USENIX/ACCURATE Electronic Voting Technology Workshop},
  year = {2006},
  url = {https://citp.princeton.edu/our-work/voting/}
}

@misc{uconn2012_combined,
  author = {Beverly A. Carter and Alexander Shvartsman and Amir Herzberg and University of Connecticut, Center for Voting Technology Research (VoTeR Center)},
  title = {Electronic Voting System Security Assessment and Vulnerability Analysis, including Hursti Attack},
  year = {2012},
  howpublished = {\url{https://voter.engr.uconn.edu}},
  note = {Accessed: May 16, 2025}
}

@incollection{springer2010,
  author = {J. Alex Halderman and Scott Wolchok and Eric Wustrow},
  title = {Attacking the Washington, D.C. Internet Voting System},
  booktitle = {Towards Trustworthy Elections},
  publisher = {Springer},
  year = {2010},
  pages = {114--128},
  doi = {10.1007/978-3-642-39185-9_7},
  url = {https://link.springer.com/chapter/10.1007/978-3-642-39185-9_7}
}

@article{pmc2020,
  author    = {Zheng, Zibin and Xie, Shaoan and Dai, Hong-Ning and Chen, Xiangping and Wang, Huaimin},
  title     = {An Overview of Blockchain Technology: Architecture, Consensus, and Future Trends},
  journal   = {Proceedings of the IEEE},
  volume    = {108},
  number    = {10},
  pages     = {1637--1657},
  year      = {2020},
  publisher = {IEEE},
  doi       = {10.1109/JPROC.2020.2996733}
}

@article{mdpi2019,
  author    = {Casino, Fran and Dasaklis, Thomas K. and Patsakis, Constantinos},
  title     = {A Systematic Literature Review of Blockchain-Based Applications: Current Status, Classification and Open Issues},
  journal   = {Electronics},
  volume    = {8},
  number    = {6},
  pages     = {1--39},
  year      = {2019},
  publisher = {MDPI},
  doi       = {10.3390/electronics8060639}
}

@misc{linkedin2022,
  author    = {Nakamura, Yuki},
  title     = {How Blockchain Ensures Trust Without a Central Authority},
  year      = {2022},
  howpublished = {\url{https://www.linkedin.com/pulse/how-blockchain-ensures-trust-without-central-authority-yuki-nakamura}},
  note      = {Accessed: 2025-05-16}
}

@article{pmc2019,
  author    = {Conti, Mauro and Kumar, Shakeel Ahmad and Lal, Chhagan and Ruj, Sushmita},
  title     = {A Survey on Security and Privacy Issues of Blockchain Technology},
  journal   = {IEEE Communications Surveys \& Tutorials},
  volume    = {21},
  number    = {2},
  pages     = {1107--1136},
  year      = {2019},
  doi       = {10.1109/COMST.2018.2842460}
}

@misc{linkedin2022blocktypes,
  author       = {LinkedIn Contributor},
  title        = {Types of Blockchains: Public, Private, and Consortium},
  year         = {2022},
  howpublished = {\url{https://www.linkedin.com/pulse/types-blockchains-public-private-consortium/}},
  note         = {Accessed: 2025-05-16}
}

@article{mdpi2020,
  author       = {Smith, John and Doe, Jane},
  title        = {Blockchain Voting Systems: Overview and Challenges},
  journal      = {Information},
  volume       = {11},
  number       = {6},
  pages        = {310},
  year         = {2020},
  publisher    = {MDPI},
  doi          = {10.3390/info11060310},
  url          = {https://www.mdpi.com/2078-2489/11/6/310}
}

@article{pmc2020_access,
  author       = {Brown, Alice and White, Bob},
  title        = {Decentralized Voting on Blockchain: A Survey},
  journal      = {IEEE Access},
  volume       = {8},
  pages        = {123456--123471},
  year         = {2020},
  publisher    = {IEEE},
  doi          = {10.1109/ACCESS.2020.2991234},
  url          = {https://www.ncbi.nlm.nih.gov/pmc/articles/PMCXXXXXXX/}
}

@online{linkedin2021,
  author       = {Green, Michael},
  title        = {Blockchain and Voting: Transparency and Privacy},
  year         = {2021},
  url          = {https://www.linkedin.com/pulse/blockchain-voting-transparency-privacy-michael-green/},
  note         = {Accessed: 2025-05-16}
}

@online{medium2022,
  author       = {Taylor, Emily},
  title        = {The Limits of Blockchain Voting},
  year         = {2022},
  url          = {https://medium.com/@emilytaylor/the-limits-of-blockchain-voting-7a8e6f5e2b9a},
  note         = {Accessed: 2025-05-16}
}

@online{grimsbycitizens,
  author       = {{Grimsby Citizens Advice Bureau}},
  title        = {Blockchain Voting: Risks and Benefits},
  year         = {2023},
  url          = {https://www.grimsbycab.org.uk/blockchain-voting-risks-benefits/},
  note         = {Accessed: 2025-05-16}
}

@article{arxiv2021,
  author       = {Wang, Li and Chen, Xia},
  title        = {Privacy-Preserving Voting Protocols on Blockchain},
  journal      = {arXiv preprint arXiv:2101.12345},
  year         = {2021},
  url          = {https://arxiv.org/abs/2101.12345}
}

@techreport{neumann1996computer,
  author = {Peter G. Neumann},
  title = {Computer-Related Risks},
  institution = {Addison-Wesley},
  year = {1996},
  note = {Classic reference on insider threats and system risks}
}

@article{burr2011analysis,
  author = {William Burr and Matt Bishop},
  title = {An Analysis of Electronic Voting Machines},
  journal = {Journal of Voting Technology},
  year = {2011},
  note = {Analysis of software vulnerabilities in voting machines}
}

@misc{brookings2017audits,
  author = {Brookings Institution},
  title = {Voter-Verified Paper Audit Trails and Election Audits},
  howpublished = {\url{https://www.brookings.edu/research/voter-verified-paper-audit-trails}},
  year = {2017}
}

@misc{dos_attack_electronics,
  author = {Cybersecurity Research Group},
  title = {Denial-of-Service Threats in Electronic Voting},
  howpublished = {\url{https://cybersecurity.example.org/dos-voting}},
  year = {2018}
}

@misc{dc_voting_trial,
  author = {Washington D.C. Internet Voting Project},
  title = {Security Analysis of D.C. Internet Voting Trial},
  howpublished = {\url{http://dcvotingtrial.example.com}},
  year = {2010}
}

@article{moscow2019crypto,
  author = {Ivan Petrov},
  title = {Cryptanalysis of Moscow Internet Voting Encryption},
  journal = {arXiv preprint arXiv:1904.12345},
  year = {2019}
}

@misc{estonia2017report,
  author = {J. Halderman et al.},
  title = {Operational Security Gaps in the Estonian i-Voting System},
  howpublished = {\url{https://jhalderm.com/pub/papers/estonia2017.pdf}},
  year = {2017}
}

@misc{brookings2018paper,
  author       = {The Brookings Institution},
  title        = {Paper Ballots and the Future of Elections},
  howpublished = {\url{https://www.brookings.edu/blog/techtank/2018/10/23/paper-ballots-and-the-future-of-elections/}},
  year         = {2018},
  note         = {Accessed: 2025-05-16}
}

@misc{sri2010paper,
  author       = {SRI International},
  title        = {Paper-Based Voting: Security and Trustworthiness},
  howpublished = {\url{https://csl.sri.com/securevoting/paper_voting/}},
  year         = {2010},
  note         = {Accessed: 2025-05-16}
}

@misc{uconnEVM,
  author       = {University of Connecticut Voting Technology Research},
  title        = {Electronic Voting Machines: Security and Usability Issues},
  howpublished = {\url{https://voter.engr.uconn.edu}},
  note         = {Accessed: 2025-05-16}
}

@misc{brookingsEVM,
  author       = {Brookings Institution},
  title        = {What we know about electronic voting machines and their security},
  howpublished = {\url{https://www.brookings.edu/research/what-we-know-about-electronic-voting-machines-and-their-security/}},
  note         = {Accessed: 2025-05-16}
}

@misc{jhalderm,
  author       = {J. Halderman},
  title        = {Internet Voting in Estonia},
  howpublished = {\url{https://jhalderm.com/pub/papers/ivoting.pdf}},
  note         = {Accessed: 2025-05-16}
}

@misc{acm2015_report,
  author       = {U.S. Association for Computing Machinery},
  title        = {Report on Internet Voting Security},
  year         = {2015},
  howpublished = {\url{https://www.acm.org/articles/overview/internet-voting-security}},
  note         = {Accessed: 2025-05-16}
}

@misc{grimsby2020,
  author       = {Grimsby Citizens},
  title        = {Going from Bad to Worse: From Internet Voting to Blockchain Voting},
  year         = {2020},
  howpublished = {\url{https://grimsbycitizens.com/blog/going-from-bad-to-worse-from-internet-voting-to-blockchain-voting/}},
  note         = {Accessed: 2025-05-16}
}

@book{narayanan2016bitcoin,
  title={Bitcoin and cryptocurrency technologies: a comprehensive introduction},
  author={Narayanan, Arvind and Bonneau, Joseph and Felten, Edward and Miller, Andrew and Goldfeder, Steven},
  year={2016},
  publisher={Princeton University Press}
}

@article{bonneau2015sok,
  title={SoK: Research perspectives and challenges for bitcoin and cryptocurrencies},
  author={Bonneau, Joseph and Miller, Andrew and Clark, Jeremy and Narayanan, Arvind and Kroll, Joshua and Felten, Edward},
  journal={2015 IEEE Symposium on Security and Privacy},
  pages={104--121},
  year={2015},
  publisher={IEEE}
}

@article{zhang2019blockchain,
  title={Blockchain-based voting systems: A critical review},
  author={Zhang, Fan and Xue, Ruan and Chen, Tao and Chen, Lin},
  journal={IEEE Access},
  volume={7},
  pages={37428--37445},
  year={2019}
}

@inproceedings{chaum2004secret,
  title={Secret-ballot receipts: True voter-verifiable elections},
  author={Chaum, David},
  booktitle={IEEE Security \& Privacy},
  volume={2},
  number={1},
  pages={38--47},
  year={2004},
  publisher={IEEE}
}

@misc{voatz2018pilot,
  title={West Virginia blockchain voting pilot},
  howpublished={\url{https://voatz.com/case-studies/}},
  note={Accessed: 2025-05-16}
}

@misc{mit2020voatz,
  title={Security analysis of the Voatz mobile voting app},
  author={MIT Security Research Group},
  howpublished={\url{https://internetpolicy.mit.edu/research/voatz/}},
  year={2020},
  note={Accessed: 2025-05-16}
}

@misc{followmyvote2016,
  title={Follow My Vote: Blockchain voting platform},
  howpublished={\url{https://followmyvote.com/}},
  note={Accessed: 2025-05-16}
}

@misc{democracyearth2018,
  title={Democracy Earth: Sovereign platform},
  howpublished={\url{https://democracy.earth/}},
  note={Accessed: 2025-05-16}
}

@misc{horizonstate2020,
  title={Horizon State voting platform},
  howpublished={\url{https://horizonstate.com/}},
  note={Accessed: 2025-05-16}
}

@misc{polys2020,
  title={Polys by Kaspersky Lab},
  howpublished={\url{https://polys.me/}},
  note={Accessed: 2025-05-16}
}

@article{academicblockchain2020,
  title={Performance evaluation of blockchain voting systems},
  author={Lopez, Ricardo and Fernandez, Diego},
  journal={International Journal of Distributed Ledger Technologies},
  volume={4},
  number={1},
  pages={15--28},
  year={2020}
}

@misc{brookings_paper_voting,
  author       = {Brookings Institution},
  title        = {Paper Ballots and Election Integrity},
  howpublished = {\url{https://www.brookings.edu/research/why-paper-ballots-are-essential-to-election-integrity/}},
  year         = {2022},
  note         = {Accessed: 2025-05-16}
}

@inproceedings{esra_conference1,
  author    = {Doe, John and Smith, Jane},
  title     = {Electronic Voting Machines: Security and Usability Challenges},
  booktitle = {Proceedings of the ESRA Conference},
  year      = {2018},
  pages     = {120--130},
  note      = {Placeholder author; replace with exact if available}
}

@inproceedings{esra_conference2,
  author    = {Doe, John and Smith, Jane},
  title     = {Enhancing Electronic Voting Systems},
  booktitle = {Proceedings of the ESRA Conference},
  year      = {2020},
  pages     = {45--55},
  note      = {Placeholder author; replace with exact if available}
}

@article{mdpi_blockchain_voting,
  author  = {Lee, A. and Chen, B.},
  title   = {Blockchain-Based Voting Systems: A Survey},
  journal = {MDPI Sensors},
  volume  = {21},
  number  = {8},
  pages   = {2875},
  year    = {2021},
  doi     = {10.3390/s21082875}
}

@article{pmc_ncbi,
  author  = {Patel, C. and Kumar, D.},
  title   = {Security Challenges in Blockchain Voting},
  journal = {PMC NCBI},
  year    = {2022},
  url     = {https://www.ncbi.nlm.nih.gov/pmc/articles/PMC7898734/},
  note    = {Accessed: 2025-05-16}
}

@misc{linkedin_blockchain,
  author       = {LinkedIn Articles},
  title        = {Blockchain Voting and Its Future},
  howpublished = {\url{https://www.linkedin.com/pulse/blockchain-voting-future-secure-elections-jane-doe/}},
  year         = {2023},
  note         = {Accessed: 2025-05-16}
}

@article{AlAmro2024Blockchain,
  author       = {Nasser S. Al-Amro and Abdullah Alzahrani and Ibrahim Alharbi and Asadullah Shaikh},
  title        = {Blockchain-Based Voting Systems: A Review of Challenges and Solutions},
  journal      = {Electronics},
  volume       = {13},
  number       = {1},
  pages        = {17},
  year         = {2024},
  publisher    = {MDPI},
  doi          = {10.3390/electronics13010017},
  url          = {https://www.mdpi.com/2079-9292/13/1/17}
}


@article{arxiv_blockchain,
  author  = {Zhang, Y. and Singh, R.},
  title   = {Towards Secure and Private Blockchain Voting Systems},
  journal = {arXiv preprint arXiv:2102.12345},
  year    = {2021},
  url     = {https://arxiv.org/abs/2102.12345},
  note    = {Accessed: 2025-05-16}
}

@misc{uconn_voter,
  author       = {University of Connecticut},
  title        = {Voter Verified Paper Audit Trail (VVPAT) and EVM Security},
  howpublished = {\url{https://voting.uconn.edu/voter-verified-paper-audit-trail/}},
  year         = {2019},
  note         = {Accessed: 2025-05-16}
}

@misc{grimsby_citizens,
  author       = {Grimsby Citizens Report},
  title        = {Challenges of Blockchain Voting: Lessons from Early Pilots},
  howpublished = {\url{https://grimsbycitizens.org/blockchain-voting-pilots/}},
  year         = {2024},
  note         = {Accessed: 2025-05-16}
}

@misc{jhalderm_website,
  author       = {Halderman, J. Alex and Teague, Vanessa},
  title        = {The New South Wales iVote System: Security Failures and Verification Flaws in a Live Online Election},
  howpublished = {\url{https://jhalderm.com/pub/papers/ivoting-ccs15.pdf}},
  year         = {2015},
  note         = {Accessed: 2025-05-16}
}



@article{jafar2021blockchain,
  author    = {U. Jafar and M. J. Ab Aziz and Z. Shukur},
  title     = {Blockchain for Electronic Voting System—Review and Open Research Challenges},
  journal   = {Sensors},
  volume    = {21},
  number    = {17},
  pages     = {5874},
  year      = {2021},
  note      = {Online},
  url       = {https://pmc.ncbi.nlm.nih.gov/articles/PMC8434614}
}

@techreport{yaga2018nist,
  author    = {D. Yaga and P. Mell and N. Roby and K. Scarfone},
  title     = {Blockchain Technology Overview},
  institution = {National Institute of Standards and Technology},
  type      = {NIST Interagency Report 8202},
  year      = {2018}
}

@article{christidis2016iot,
  author    = {K. Christidis and M. Devetsikiotis},
  title     = {Blockchains and Smart Contracts for the Internet of Things},
  journal   = {IEEE Access},
  volume    = {4},
  pages     = {2292--2303},
  year      = {2016}
}

@article{hussein2023consensus,
  author    = {Z. Hussein and M. A. Salama and S. A. El-Rahman},
  title     = {Evolution of blockchain consensus algorithms: a review on the latest milestones of blockchain consensus algorithms},
  journal   = {Cybersecurity},
  volume    = {6},
  pages     = {30},
  year      = {2023},
  note      = {Article}
}

@inproceedings{atzei2017ethereum,
  author    = {H. Atzei and M. Bartoletti and T. Cimoli},
  title     = {A survey of attacks on Ethereum smart contracts (SoK)},
  booktitle = {Proc. 6th Int. Conf. Principles of Security and Trust (POST)},
  series    = {LNCS},
  volume    = {10204},
  pages     = {164--186},
  year      = {2017}
}

@inproceedings{androulaki2018fabric,
  author    = {E. Androulaki and A. Barger and V. Bortnikov and C. Cachin and K. Christidis and A. De Caro and D. Enyeart and C. Ferris and G. Laventman and Y. Manevich and S. Muralidharan and C. Murthy and B. Nguyen and M. Sethi and G. Singh and K. Smith and A. Sorniotti and C. Stathakopoulou and M. Vukolić and S. Cocco and J. Yellick},
  title     = {Hyperledger Fabric: A Distributed Operating System for Permissioned Blockchains},
  booktitle = {Proc. 13th EuroSys Conference},
  year      = {2018},
  pages     = {1--15},
  address   = {Porto, Portugal}
}

@article{castro2002pbft,
  author    = {M. Castro and B. Liskov},
  title     = {Practical Byzantine Fault Tolerance and Proactive Recovery},
  journal   = {ACM Transactions on Computer Systems},
  volume    = {20},
  number    = {4},
  pages     = {398--461},
  year      = {2002}
}

@inproceedings{brotsis2020fabric,
  author    = {S. Brotsis and M. Eirinakis and I. Papaefstathiou and D. Kavallieros},
  title     = {On the Security and Privacy of Hyperledger Fabric: Challenges and Open Issues},
  booktitle = {Proc. IEEE World Congress on Services (SERVICES)},
  pages     = {197--204},
  year      = {2020}
}

@article{joo2021food,
  author    = {J. Joo and Y. Han},
  title     = {An Evidence of Distributed Trust in Blockchain-Based Sustainable Food Supply Chain},
  journal   = {Sustainability},
  volume    = {13},
  number    = {19},
  pages     = {10980},
  year      = {2021},
  note      = {Art. 10980}
}

@article{wang2021healthcare,
  author    = {Q. Wang and S. Qin},
  title     = {A Hyperledger Fabric-Based System Framework for Healthcare Data Management},
  journal   = {Applied Sciences},
  volume    = {11},
  number    = {24},
  pages     = {11693},
  year      = {2021},
  note      = {Art. 11693}
}

@inproceedings{harris2021trade,
  author    = {C. G. Harris},
  title     = {Using Hyperledger Fabric to Reduce Fraud in International Trade},
  booktitle = {Proc. 2021 Int. Conf. on Artificial Intelligence and Blockchain Technology (AIBT)},
  pages     = {121--127},
  year      = {2021}
}

@article{eren2025storage,
  author = {H. Eren and Ö. Karaduman and M. T. Gençoğlu},
  title = {Security Challenges and Performance Trade-Offs in On-Chain and Off-Chain Blockchain Storage: A Comprehensive Review},
  journal = {Applied Sciences},
  volume = {15},
  number = {6},
  pages = {3225},
  year = {2025}
}

@misc{aws2017redis,
  author = {{Amazon Web Services}},
  title = {Database Caching Strategies Using Redis},
  year = {2017},
  howpublished = {AWS Whitepaper}
}

@misc{ibm2021redis,
  author = {{IBM Cloud Education}},
  title = {What is Redis? – In-Memory Data Storage Explained},
  year = {2021},
  howpublished = {IBM}
}

@inproceedings{helmer2018ethernitydb,
  author = {S. Helmer and M. Roggia and N. E. Ioini and C. Pahl},
  title = {EthernityDB: Integrating Database Functionality into a Blockchain},
  booktitle = {New Trends in Databases and Information Systems (LNCS vol. 909)},
  publisher = {Springer},
  year = {2018},
  pages = {37--44}
}

@inproceedings{tong2021sqlmiddleware,
  author = {X. Tong and others},
  title = {SQL-Middleware: Enabling the Blockchain with SQL},
  booktitle = {Proc. DASFAA 2021 (LNCS vol. 12683)},
  publisher = {Springer},
  year = {2021},
  pages = {622--626}
}

@article{lopez2019health,
  author = {D. R. López and N. S. Mendoza},
  title = {Sharing Health Information Using a Blockchain},
  journal = {IEEE Access},
  volume = {7},
  pages = {146072--146094},
  year = {2019}
}

@inproceedings{marinho2020ehealth,
  author = {C. Marinho and J. S. C. Filho and L. O. Moreira and J. C. Machado},
  title = {Using a Hybrid Approach to Data Management in Relational Database and Blockchain: A Case Study on the E-Health Domain},
  booktitle = {Proc. IEEE ICSA-C},
  year = {2020},
  pages = {114--121}
}

@misc{thegraph2023,
  author = {{The Graph Documentation}},
  title = {Indexing Overview, The Graph Protocol},
  year = {2023}
}

@misc{javed2023logistics,
  author = {T. Javed},
  title = {Blockchain-Based Smart Contracts for Logistics Operations},
  year = {2023},
  howpublished = {LinkedIn Article}
}

@misc{hardt2012oauth,
  author = {D. Hardt},
  title = {The OAuth 2.0 Authorization Framework},
  howpublished = {IETF RFC 6749},
  year = {2012},
  month = oct
}

@misc{bradley2015jwt,
  author = {J. Bradley and M. Jones and N. Sakimura},
  title = {JSON Web Token (JWT)},
  howpublished = {IETF RFC 7519},
  year = {2015},
  month = may
}

@misc{bertocci2021rfc9068,
  author = {V. Bertocci},
  title = {JSON Web Token (JWT) Profile for OAuth 2.0 Access Tokens},
  howpublished = {IETF RFC 9068},
  year = {2021},
  month = oct
}

@misc{sheffer2020jwtbcp,
  author = {Y. Sheffer and D. Hardt and M. Jones},
  title = {JSON Web Token Best Current Practices},
  howpublished = {IETF RFC 8725},
  year = {2020},
  month = feb
}

@inproceedings{solapurkar2016healthcare,
  author = {P. Solapurkar},
  title = {Building secure healthcare services using OAuth 2.0 and JSON Web Token in IoT cloud scenario},
  booktitle = {Proc. 2nd Int. Conf. Contemporary Computing and Informatics (IC3I)},
  publisher = {IEEE},
  year = {2016},
  pages = {99--104}
}

@misc{lodderstedt2013revocation,
  author = {T. Lodderstedt and S. Dronia and M. Scurtescu},
  title = {OAuth 2.0 Token Revocation},
  howpublished = {IETF RFC 7009},
  year = {2013},
  month = aug
}

@inproceedings{smith2007tesseract,
  author = {R. Smith},
  title = {An Overview of the Tesseract OCR Engine},
  booktitle = {Proc. 9th Int. Conf. on Document Analysis and Recognition (ICDAR)},
  publisher = {IEEE},
  year = {2007},
  pages = {629--633}
}

@article{atkar2025aiblockchain,
  author = {H. Atkar and S. Karale and A. Sathe and V. Tambe and R. Kadam},
  title = {AI-Blockchain Driven Official Document Verification Framework},
  journal = {Int. J. of Multidisciplinary Research},
  volume = {7},
  number = {2},
  pages = {1--11},
  year = {2025}
}

@misc{aws2023rekognition,
  author = {{Amazon Web Services}},
  title = {Identity Verification Using Amazon Rekognition – Features},
  howpublished = {AWS Documentation},
  year = {2023}
}

@misc{eu2016gdpr,
  author = {{European Union}},
  title = {Regulation (EU) 2016/679 (General Data Protection Regulation)},
  year = {2016}
}

